2310 3548
524 118 590 168 LIB.
614 116 665 168 III.
693 115 772 167 CAR.
796 115 830 164 H.
1080 117 1111 164 ost

353 239 430 313 quod
451 239 476 295 si
497 236 642 294 dolentem
662 254 715 293 uec
736 233 881 309 Phrygius
901 230 974 307 lupis

354 351 409 393 nso
428 348 623 410 purpursrum
643 329 737 389 sidere
756 326 862 387 clerico

394 427 506 488 delenit
525 444 596 486 usus
614 444 668 486 uec
689 424 814 484 Fulerue

434 522 504 581 vitis
523 520 811 596 Achaemeniumque
829 523 950 588 costum,

356 651 408 690 cnr
427 629 595 689 invidendis
614 627 747 706 pontibus
765 633 797 685 et
815 644 892 685 novo

355 728 479 787 sublime
499 727 560 785 ritu
581 725 684 784 molier
703 724 828 782 utriumi

395 842 449 881 cur
468 822 543 880 velle
563 825 726 898 permutem
747 818 855 877 Setius

435 917 557 976 divitius
576 914 772 993 operosioresi

561 1267 740 1327 OARMEN
762 1266 804 1324 II.

362 1427 527 1499 Angustum
547 1420 638 1478 amice
659 1422 824 1496 pauperiem
844 1415 906 1492 peti

361 1521 495 1579 robustus
515 1517 574 1576 scri
595 1514 701 1574 militis
720 1532 793 1592 puer

401 1616 548 1675 condiscat
567 1620 598 1672 et
617 1611 742 1671 Parthos
761 1610 869 1669 senices

443 1715 530 1767 vexet
549 1724 637 1784 eques
657 1702 831 1763 metuendus
851 1701 936 1760 hoste

364 1822 513 1898 situmque
535 1819 589 1877 sub
610 1818 679 1876 divo
699 1824 730 1876 et
750 1814 871 1891 trepidis
890 1819 958 1890 eget
1118 1840 1130 1878 ς

363 1916 395 1973 iu
414 1917 509 1975 rebus
550 1914 635 1972 illum
655 1931 693 1970 ex
713 1910 864 1970 moenibus
884 1907 1003 1966 hosticis

403 2019 537 2069 metrone
557 2008 692 2068 bellantis
712 2005 831 2083 tyrensi

444 2107 620 2185 prospiciens
640 2111 671 2163 et
690 2103 791 2160 edults
811 2100 893 2176 virgo

366 2222 500 2299 suspiret,
522 2221 604 2290 eheu,
625 2238 661 2277 ne
682 2215 764 2275 rudis
784 2214 934 2290 egminum

366 2337 487 2396 sponsus
507 2317 628 2374 lacesset
647 2312 743 2390 regius
763 2327 896 2386 superum

407 2420 487 2472 tectu
507 2414 628 2482 leonem,
648 2427 735 2487 quem
755 2410 878 2463 cruente

447 2527 498 2586 per
518 2507 627 2565 medies
647 2507 726 2582 repit
744 2503 790 2560 ire
808 2500 914 2559 caedes

368 2622 452 2681 dulce
472 2629 503 2679 et
521 2620 658 2678 decorum
678 2626 724 2674 est
743 2633 795 2692 pro
815 2611 911 2689 petris
930 2611 1022 2669 mori:

369 2737 445 2776 moos
465 2723 496 2774 et
514 2715 646 2791 fugacem
666 2709 851 2788 persequitur
872 2707 976 2777 virum,

410 2831 462 2870 nec
482 2812 576 2888 percit
594 2806 720 2866 imbellis
738 2806 877 2864 iuventee
1111 2828 1134 2866 ι,

450 2909 608 2987 poplitibus
629 2905 787 2979 timidoque
808 2918 894 2978 tergo.
